@book{ari2022surging,
  title={Surging energy prices in europe in the aftermath of the war: How to support the vulnerable and speed up the transition away from fossil fuels},
  author={Ari, Mr Anil and Arregui, Mr Nicolas and Black, Mr Simon and Celasun, Oya and Iakova, Ms Dora M and Mineshima, Ms Aiko and Mylonas, Victor and Parry, Ian WH and Teodoru, Iulia and Zhunussova, Karlygash},
  year={2022},
  publisher={International Monetary Fund}, 
  url = {https://www.imf.org/-/media/Files/Publications/WP/2022/English/wpiea2022152-print-pdf.ashx}
}


@article{heyer2016trois,
  title={Trois questions autour de l’impact {\`a} court terme des variations du prix du p{\'e}trole sur la croissance fran{\c{c}}aise 1},
  author={Heyer, {\'E}ric and Hubert, Paul},
  journal={Revue de l’OFCE},
  number={3},
  pages={195--222},
  year={2016},
  publisher={Cairn/Softwin}
}
@article{amstad2010monthly,
  title={Monthly pass-through ratios},
  author={Amstad, Marlene and Fischer, Andreas M},
  journal={Journal of Economic Dynamics and Control},
  volume={34},
  number={7},
  pages={1202--1213},
  year={2010},
  publisher={Elsevier}, 

}

@article{cae2023a,
  title={Le triple défi de la réforme du marché européen de l’électricité},
  author={Bureau, Dominique and Glachant, Jean-Michel and Schubert, Katheline},
  journal={Les notes du conseil d’analyse économique},
  number={76},
  year={2023},
  url = {https://www.cae-eco.fr/staticfiles/pdf/cae076-marcheelectricite-2303121-v3.pdf}
}

@article{cae2023b,
  title={Marché du gaz en Europe: enjeux, priorités et solutions},
  author={Brunnmeier Markus and Chassang, Sylvain},
  journal={Focus - Conseil d'Analyse Économique},
  number={93},
  year={2023},
  url = {https://www.cae-eco.fr/staticfiles/pdf/focus-93-gaz-fr-230411-web.pdf}
}


@article{Bruegel,
  title={National policies to shield consumers from rising energy prices},
  author={Sgaravatti, G. and S. Tagliapietra and C. Trasi and G. Zachmann},
  journal={Bruegel Datasets},
  month = {Mars},
  year = {2023},
  url = {https://www.bruegel.org/dataset/national-policies-shield-consumers-rising-energy-prices}
}


@article{malliet2020assessing,
  title={Assessing short-term and long-term economic and environmental effects of the {COVID}-19 crisis in France},
  author={Malliet, Paul and Reyn{\`e}s, Fr{\'e}d{\'e}ric and Landa, Gissela and Hamdi-Cherif, Meriem and Saussay, Aur{\'e}lien},
  journal={Environmental and Resource Economics},
  volume={76},
  number={4},
  pages={867--883},
  year={2020},
  publisher={Springer},
  url = {https://link.springer.com/article/10.1007/s10640-020-00488-z}
}

@article{CICE2020,
  title={Évaluation de l’impact du CICE par une méthode hybride et utilisation de l’information macro-sectorielle},
  author={Observatoire Français des Conjonctures Économiques},
  journal={Rapport pour France Stratégie},
  year={2020},
url = {https://www.strategie.gouv.fr/sites/strategie.gouv.fr/files/atoms/files/ofce_rapport_cice_38branches_16092020.pdf}
}
