
@article{aitchison1989,
	title = {The multivariate Poisson-log normal distribution},
	author = {AITCHISON, J. and HO, C. H.},
	year = {1989},
	month = {12},
	date = {1989-12-01},
	journal = {Biometrika},
	pages = {643--653},
	volume = {76},
	number = {4},
	doi = {10.1093/biomet/76.4.643},
	url = {https://doi.org/10.1093/biomet/76.4.643}
}
